@online{conway,
    author = "LifeWiki",
    title = "Conway's Game of Life",
    url  = "https://conwaylife.com/wiki/Conway%27s_Game_of_Life",
}
@online{mpi,
    author = "OpenMPI",
    title = "OpenMPI",
    url  = "https://www.open-mpi.org/",
}
@online{omp,
    author = "OpenMP",
    title = "OpenMP",
    url  = "https://www.openmp.org/",
}
@online{arch,
    author = "wikichip",
    title = "Floating-Point Operations Per Second (FLOPS)",
    url  = "https://en.wikichip.org/wiki/flops",
}
@online{conway_patterns,
    author = "LifeWiki",
    title = "Category: Patterns",
    url  = "https://conwaylife.com/wiki/Category:Patterns",
}
@online{pgm,
    author = "Jef Poskanzer",
    title = "PGM",
    url  = "https://netpbm.sourceforge.net/doc/pgm.html",
}
@online{algo2,
    author = "Michael Abrash",
    title = "Michael Abrashâ€™s Graphics Programming Black Book, Special Edition",
    url  = "https://www.jagregory.com/abrash-black-book/\#chapter-17-the-game-of-life",
}
@online{glider,
    author = "LifeWiki",
    title = "Glider",
    url  = "https://conwaylife.com/wiki/Glider",
}
@online{MPIIOtalk,
    author = "Robert Latham",
    title = "Introduction to MPI IO",
    url  = "https://www.youtube.com/watch?v=huH_-a3qrfA",
}
@online{glidergun,
    author = "LifeWiki",
    title = "Gosper Glider Gun",
    url  = "https://conwaylife.com/wiki/Gosper_glider_gun",
}
@online{snarkloop,
    author = "LifeWiki",
    title = "p43 Snark Loop",
    url  = "https://conwaylife.com/wiki/P43_Snark_loop",
}
@online{conway_implementation,
    author = "roblatham00",
    title = "hands-on",
    url  = "https://github.com/radix-io/hands-on/tree/main/mpi2tutorial/examples/life",
}
@online{conway_slides,
    author = "William Gropp",
    title = "Advanced MPI: I/O and One-Sided Communication",
    url  = "https://www.mcs.anl.gov/research/projects/mpi/tutorial/advmpi/sc2005-advmpi.pdf",
}
@online{prace,
    author = "Prace",
    title = "Advanced MPI IO: MPI IO",
    url  = "https://events.prace-ri.eu/event/176/contributions/59/attachments/170/326/Advanced_MPI_II.pdf",
}




